@book{user:manual,
 title = {Discovery kit with STM32F407VG MCU},
 author = {UM1472 User manual},
 publisher = {STMicroelectronics},
 year = {February 2016},
}

@book{prog:manual,
 author = {PM0214 Programming manual},
 title = {STM32F4xxx Cortex-M4 programming manual},
 publisher = {STMicroelectronics},
 year = {July 2012},
}

@book{ref:manual,
 title = {STM32F405/415, STM32F407/417, STM32F427/437 and STM32F429/439 advanced ARM based 32-bit MCUs},
 author = {RM0090 Reference manual},
 publisher = {STMicroelectronics},
 year = {May 2016},
}


